<?xml version="1.0" encoding="UTF-8"?><collection><record><leader>06031ntm a2200613 a 4500</leader><controlfield tag="001">006833978</controlfield><controlfield tag="003">MiAaHDL</controlfield><controlfield tag="005">20190719000000.0</controlfield><controlfield tag="006">m        d        </controlfield><controlfield tag="007">cr bn ---auaua</controlfield><controlfield tag="008">090702s193u    xx            00| ||ara d</controlfield><datafield tag="035" ind1=" " ind2=" "><subfield code="a">(MiU)006833978</subfield></datafield><datafield tag="035" ind1=" " ind2=" "><subfield code="a">sdr-miu006833978</subfield></datafield><datafield tag="040" ind1=" " ind2=" "><subfield code="a">MiU</subfield><subfield code="c">MiU</subfield><subfield code="e">amremm</subfield></datafield><datafield tag="043" ind1=" " ind2=" "><subfield code="a">n-us-mi</subfield></datafield><datafield tag="100" ind1="1" ind2=" "><subfield code="6">880-01</subfield><subfield code="a">Dawwānī, Muḥammad ibn Asʻad,</subfield><subfield code="d">1426 or 1427-1512 or 1513.</subfield></datafield><datafield tag="240" ind1="1" ind2="0"><subfield code="6">880-02</subfield><subfield code="a">Shawākil al-ḥūr</subfield></datafield><datafield tag="245" ind1="1" ind2="0"><subfield code="6">880-03</subfield><subfield code="a">Sharḥ Hayākil al-nūr,</subfield><subfield code="f">[193-?].</subfield></datafield><datafield tag="246" ind1="3" ind2="8"><subfield code="a">شرح هياكل النور</subfield></datafield><datafield tag="246" ind1="3" ind2=" "><subfield code="i">Title from opening on p.2:</subfield><subfield code="a">شواكل الحور</subfield></datafield><datafield tag="260" ind1=" " ind2=" "><subfield code="c">[193-?].</subfield></datafield><datafield tag="300" ind1=" " ind2=" "><subfield code="a">140 leaves :</subfield><subfield code="b">paper ;</subfield><subfield code="c">131-138 x 104 mm. bound to 146 x 115 mm.</subfield></datafield><datafield tag="500" ind1=" " ind2=" "><subfield code="a">Shelfmark: Ann Arbor, University of Michigan, Special Collections Library, Isl. Ms. 996</subfield></datafield><datafield tag="500" ind1=" " ind2=" "><subfield code="a">Origin: Lacks dated scribal colophon ; likely copied in Egypt in the 1930s and bound for James Heyworth-Dunne (d.1974). Some sections perhaps copied earlier.</subfield></datafield><datafield tag="500" ind1=" " ind2=" "><subfield code="a">Former shelfmark: Mich. Isl. Ms. temp. no. 145</subfield></datafield><datafield tag="500" ind1=" " ind2=" "><subfield code="a">Binding: Boards covered in dark green cloth with dark green leather over spine (quarter binding) ; pastedowns and flyleaves in wove paper printed with a floral vegetal pattern in green ; spine gold-stamped with title and decorative accents over raised bands "شرح هياكل النور الاصفهانى | J.H.D." ; sewn in white thread over two recessed cords ; stuck-on endbands (blue and white stripe) ; overall in fairly good condition.</subfield></datafield><datafield tag="500" ind1=" " ind2=" "><subfield code="a">Support: Machine wove paper of at least a few types, as well as machine laid paper with watermark of "GOUVERNEMENT EGYPTIEN" with star and crescent at center and other smaller crescents with three stars (see pp.117-122, 131-136, etc. and compare Walz, "The Paper trade of Egypt and the Sudan," p.91), and wove ledger / grid paper (see pp.123-130).</subfield></datafield><datafield tag="500" ind1=" " ind2=" "><subfield code="a">Decoration: Headings and keywords (often text being commented upon) rubricated ; otherwise text executed mainly in blue or black ink.</subfield></datafield><datafield tag="500" ind1=" " ind2=" "><subfield code="a">Script: Naskh with influence of ruqʻah ; modern hand in a medium to bold line ; mainly serifless with effect of tilt to the left, very slight effect of words descending to baseline, free assimilation of letters, curvilinear descenders, open and closed counters, pointing in strokes or conjoined dots (occasionally oriented vertically), final yāʼ usually unpointed ; some sections in ruqʻah.</subfield></datafield><datafield tag="500" ind1=" " ind2=" "><subfield code="a">Layout: Written in 13-16 lines per page.</subfield></datafield><datafield tag="500" ind1=" " ind2=" "><subfield code="a">Collation: i, 7 IV(56), I (58), 2 V(78), VI (90), V (100), 2 IV(116), 4 (120), 2 V(140), i ; chiefly quaternions ; pagination in blue or black ink, Hindu-Arabic numerals, each section numbered distinctly ; pages between some sections left fully or partially blank (see pp.43-49, 115-117, 200-201) ; pagination in pencil, Western numerals, supplied during digitization (pagination skips from 219 to 300, so is thereafter off by 80 pages).</subfield></datafield><datafield tag="500" ind1=" " ind2=" "><subfield code="a">Explicit: "جمع بطريق عموم المجاز اذ لا مؤثر في الحقيقة الا هو كما مر والله اعلم تمت انوار الهيكل الخامس من هياكل النور السهروردية بشرح الجلال الدواني الصديقي نورنا الله بانوار العلم والعرفان وتوجنا بتاج البهجة والبهاء والايقان انه سميع مجيب الدعوات مفيض الخير والبركات بل هو غاية الغايات ونهاية النهايات وتمام التمامات"</subfield></datafield><datafield tag="500" ind1=" " ind2=" "><subfield code="a">Incipit: "يا من نصب رايات آيات قدرته على كواهل هياكل الممكنات واودع اسرار حكمته في قوابل شواكل الكائنات ... اما بعد فهذا ايها الذكي المتوقد شرح لهياكل النور يحاكي بحسن دقائقه شواكل الحور ..."</subfield></datafield><datafield tag="500" ind1=" " ind2=" "><subfield code="a">Title from inscription on 'title page' (p.1).</subfield></datafield><datafield tag="500" ind1=" " ind2=" "><subfield code="a">Ms. codex.</subfield></datafield><datafield tag="510" ind1="4" ind2=" "><subfield code="a">Walz, Terence. "The Paper trade of Egypt and the Sudan in the eighteenth and nineteenth centuries and its re-export to the Bilad as-Sudan." In The Trans-Saharan book trade: manuscript culture, Arabic literacy, and intellectual history in Muslim Africa. Graziano Krätli and Ghislaine Lydon, Eds. (Leiden : Brill, 2011):</subfield><subfield code="c">73-108.</subfield></datafield><datafield tag="510" ind1="4" ind2=" "><subfield code="a">Lambton, A.K.S. "al-Dawānī, Muḥammad b. Asʿad Ḏj̲alāl al-Dīn." In EI2,</subfield><subfield code="c">vol.II, p.173, col.1</subfield></datafield><datafield tag="510" ind1="4" ind2=" "><subfield code="a">Brockelmann, C. GAL,</subfield><subfield code="c">I 437 ; II 217</subfield></datafield><datafield tag="520" ind1="8" ind2=" "><subfield code="a">Careful copy of the commentary by Jalāl al-Dīn Muḥammad ibn Asʻad al-Dawānī (d.1502 or 3) on Shihāb al-Dīn Yaḥyá ibn Ḥabash al-Suhrawardī's (d.1191) Hayākil al-nūr, with opening and then separate sections for the fourth, fifth , and sixth hayākil.</subfield></datafield><datafield tag="538" ind1=" " ind2=" "><subfield code="a">Mode of access: Internet.</subfield></datafield><datafield tag="541" ind1=" " ind2=" "><subfield code="a">Acquired in the Fall of 1950.</subfield></datafield><datafield tag="546" ind1=" " ind2=" "><subfield code="a">Arabic.</subfield></datafield><datafield tag="561" ind1=" " ind2=" "><subfield code="a">On upper pastedown, label with ex libris of James Heyworth-Dunne (d.1974), stamped with inventory number, "Ex Libris | J. Heyworth-Dunne | D. Lit. (London) | No. 7940" ; UM Library inscription on p.3 "Dunning | Heyworth-Dunne | 6-13-51 | 71955" ; possible former inventory mark "231/55" on verso of final leaf (p."360") ; occasional glosses and marginal corrections.</subfield></datafield><datafield tag="600" ind1="1" ind2="0"><subfield code="a">Suhrawardī, Yaḥyá ibn Ḥabash,</subfield><subfield code="d">1152 or 1153-1191.</subfield><subfield code="t">Hayākil al-nūr.</subfield></datafield><datafield tag="650" ind1=" " ind2="0"><subfield code="a">Manuscripts, Arabic</subfield><subfield code="z">Michigan</subfield><subfield code="z">Ann Arbor.</subfield></datafield><datafield tag="650" ind1=" " ind2="0"><subfield code="a">Islam</subfield><subfield code="x">Doctrines</subfield><subfield code="v">Early works to 1800.</subfield></datafield><datafield tag="650" ind1=" " ind2="0"><subfield code="a">Sufism</subfield><subfield code="x">Doctrines</subfield><subfield code="v">Early works to 1800.</subfield></datafield><datafield tag="650" ind1=" " ind2="0"><subfield code="a">Ishrāqīyah</subfield><subfield code="v">Early works to 1800.</subfield></datafield><datafield tag="650" ind1=" " ind2="0"><subfield code="a">Islamic philosophy</subfield><subfield code="v">Early works to 1800.</subfield></datafield><datafield tag="700" ind1="1" ind2=" "><subfield code="a">Heyworth-Dunne, J.</subfield><subfield code="q">(James),</subfield><subfield code="e">former owner.</subfield></datafield><datafield tag="773" ind1="0" ind2=" "><subfield code="a">Heyworth-Dunne Collection.</subfield></datafield><datafield tag="880" ind1="1" ind2="0"><subfield code="6">245-03/</subfield><subfield code="a">شرح هياكل النور,</subfield><subfield code="f">[193-م?].</subfield></datafield><datafield tag="880" ind1="1" ind2="0"><subfield code="6">240-02/</subfield><subfield code="a">شواكل الحور</subfield></datafield><datafield tag="880" ind1="1" ind2=" "><subfield code="6">100-01/</subfield><subfield code="a">دواني، محمد بن اسعد.</subfield></datafield><datafield tag="CID" ind1=" " ind2=" "><subfield code="a">006833978</subfield></datafield><datafield tag="DAT" ind1="0" ind2=" "><subfield code="a">20190719102641.0</subfield><subfield code="b">20190719000000.0</subfield></datafield><datafield tag="DAT" ind1="1" ind2=" "><subfield code="a">20190719090653.0</subfield><subfield code="b">2019-07-19T16:12:30Z</subfield></datafield><datafield tag="DAT" ind1="2" ind2=" "><subfield code="a">2015-10-10T18:00:06Z</subfield></datafield><datafield tag="CAT" ind1=" " ind2=" "><subfield code="a">SDR-MIU</subfield><subfield code="d">EX LIBRIS - ALEPH</subfield><subfield code="l">prepare.pl-004-008</subfield></datafield><datafield tag="FMT" ind1=" " ind2=" "><subfield code="a">BK</subfield></datafield><datafield tag="HOL" ind1=" " ind2=" "><subfield code="0">sdr-miu006833978</subfield><subfield code="a">MiU</subfield><subfield code="b">SDR</subfield><subfield code="c">MIU</subfield><subfield code="p">mdp.39015079131838</subfield><subfield code="s">MIU</subfield><subfield code="1">006833978</subfield></datafield><datafield tag="974" ind1=" " ind2=" "><subfield code="b">MIU</subfield><subfield code="c">MIU</subfield><subfield code="d">20190719</subfield><subfield code="s">lit-dlps-dc</subfield><subfield code="u">mdp.39015079131838</subfield><subfield code="y">1939</subfield><subfield code="r">ic-world</subfield><subfield code="q">man</subfield></datafield></record></collection>